@article{blei2003latent,
  title={Latent dirichlet allocation},
  author={Blei, David M and Ng, Andrew Y and Jordan, Michael I},
  journal={Journal of machine Learning research},
  volume={3},
  number={Jan},
  pages={993--1022},
  year={2003}
}

@inproceedings{tang2014understanding,
  title={Understanding the limiting factors of topic modeling via posterior contraction analysis},
  author={Tang, Jian and Meng, Zhaoshi and Nguyen, Xuanlong and Mei, Qiaozhu and Zhang, Ming},
  booktitle={International Conference on Machine Learning},
  pages={190--198},
  year={2014}
}

@inproceedings{zuo2016topic,
  title={Topic Modeling of Short Texts: A Pseudo-Document View},
  author={Zuo, Yuan and Wu, Junjie and Zhang, Hui and Lin, Hao and Wang, Fei and Xu, Ke and Xiong, Hui},
  booktitle={Proceedings of the 22nd ACM SIGKDD International Conference on Knowledge Discovery and Data Mining},
  pages={2105--2114},
  year={2016},
  organization={ACM}
}

@article{mallet2002,
  title={Mallet: A Machine Learning for Language Toolkit},
  author={McCallum, Andrew K},
  year={2002}
}