@article{blei2003latent,
  title={Latent dirichlet allocation},
  author={Blei, David M and Ng, Andrew Y and Jordan, Michael I},
  journal={Journal of machine Learning research},
  volume={3},
  number={Jan},
  pages={993--1022},
  year={2003}
}

@inproceedings{tang2014understanding,
  title={Understanding the limiting factors of topic modeling via posterior contraction analysis},
  author={Tang, Jian and Meng, Zhaoshi and Nguyen, Xuanlong and Mei, Qiaozhu and Zhang, Ming},
  booktitle={International Conference on Machine Learning},
  pages={190--198},
  year={2014}
}

@inproceedings{zuo2016topic,
  title={Topic Modeling of Short Texts: A Pseudo-Document View},
  author={Zuo, Yuan and Wu, Junjie and Zhang, Hui and Lin, Hao and Wang, Fei and Xu, Ke and Xiong, Hui},
  booktitle={Proceedings of the 22nd ACM SIGKDD International Conference on Knowledge Discovery and Data Mining},
  pages={2105--2114},
  year={2016},
  organization={ACM}
}

@article{mallet2002,
  title={Mallet: A Machine Learning for Language Toolkit},
  author={McCallum, Andrew K},
  year={2002}
}

@inproceedings{mimno2007organizing,
  title={Organizing the OCA: learning faceted subjects from a library of digital books},
  author={Mimno, David and McCallum, Andrew},
  booktitle={Proceedings of the 7th ACM/IEEE-CS joint conference on Digital libraries},
  pages={376--385},
  year={2007},
  organization={ACM}
}

@inproceedings{zhao2011comparing,
  title={Comparing twitter and traditional media using topic models},
  author={Zhao, Wayne Xin and Jiang, Jing and Weng, Jianshu and He, Jing and Lim, Ee-Peng and Yan, Hongfei and Li, Xiaoming},
  booktitle={European Conference on Information Retrieval},
  pages={338--349},
  year={2011},
  organization={Springer}
}

@article{liu2016overview,
  title={An overview of topic modeling and its current applications in bioinformatics},
  author={Liu, Lin and Tang, Lin and Dong, Wen and Yao, Shaowen and Zhou, Wei},
  journal={SpringerPlus},
  volume={5},
  number={1},
  pages={1608},
  year={2016},
  publisher={Springer International Publishing}
}

@inproceedings{wallach2009rethinking,
  title={Rethinking LDA: Why priors matter},
  author={Wallach, Hanna M and Mimno, David M and McCallum, Andrew},
  booktitle={Advances in neural information processing systems},
  pages={1973--1981},
  year={2009}
}

@book{NLTK,
  title={Natural language processing with Python: analyzing text with the natural language toolkit},
  author={Bird, Steven and Klein, Ewan and Loper, Edward},
  year={2009},
  publisher={" O'Reilly Media, Inc."}
}